@online{disordered_proteins_diseases_paper,
  title={Modulation of disordered proteins with a focus on neurodegenerative diseases and other pathologies},
  author={Martinelli, A. and others},
  doi={10.3390/ijms20061322},
  year={2019},
  url={https://www.ncbi.nlm.nih.gov/pmc/articles/PMC6471803/pdf/ijms-20-01322.pdf}
}

@online{idp_wiki,
  title={Intrinsically disordered proteins},
  author={Wikipedia},
  url={https://en.wikipedia.org/wiki/Intrinsically_disordered_proteins}
}

@online{pdb,
  title={Protein Data Bank},
  author={Research Collaboratory for Structural Bioinformatics},
  url={https://www.rcsb.org/}
}

@online{spot_disorder_2,
  title={SPOT-Disorder2: Improved Protein Intrinsic Disorder Prediction by Ensembled Deep Learning},
  author={Hanson, J. and others},
  doi={10.1016/j.gpb.2019.01.004},
  year={2020},
  url={https://www.ncbi.nlm.nih.gov/pmc/articles/PMC7212484/pdf/main.pdf}
}

@online{casp,
  title={Protein Structure Prediction Center},
  author={Moult, J. and others},
  url={https://predictioncenter.org/}
}

@book{prot_struct_lib,
  title={Essentials of Cell Biology},
  author={O'Connor, C. M. and Adams, J. U.},
  year={2010},
  publisher={Cambridge, MA: NPG Education}
}

@online{prot_A2RU14,
  title={Transmembrane protein 218},
  author={UniProt},
  url={https://www.uniprot.org/uniprotkb/A2RU14/entry}
}

@online{aa_wiki,
  title={Amino acid wikipedia},
  author={Wikipedia},
  url={https://en.wikipedia.org/wiki/Amino_acid#Table_of_standard_amino_acid_abbreviations_and_properties}
}

@online{protein_folding,
  title={Protein Folding},
  author={Cheriyedath, S.},
  year={2019},
  publisher={AZoNetwork},
  url={https://www.news-medical.net/life-sciences/Protein-Folding.aspx}
}

@online{bbc_bitesize,
  title={National 5 Biology: Cell biology: Proteins},
  author={BBC},
  url={https://www.bbc.co.uk/bitesize/guides/zcr74qt/revision/1}
}

@online{disordered_prot_genus_camelus,
  title={Genomic Analysis of Intrinsically Disordered Proteins in the Genus Camelus},
  author={Alshehri, M. A. and others},
  doi={10.3390/ijms21114010},
  year={2020},
  url={https://www.ncbi.nlm.nih.gov/pmc/articles/PMC7312968/}
}

@online{disopred3_paper,
  title={DISOPRED3: precise disordered region predictions with annotated protein-binding activity},
  author={Jones D. and Cozzeto, D.},
  doi={10.1093/bioinformatics/btu744},
  year={2015},
  url={https://academic.oup.com/bioinformatics/article/31/6/857/215129}
}

@book{Goodfellow-et-al-2016,
    title={Deep Learning},
    author={Ian Goodfellow and Yoshua Bengio and Aaron Courville},
    publisher={MIT Press},
    note={\url{http://www.deeplearningbook.org}},
    year={2016}
}

@online{pytorch,
    title={PyTorch},
    author={PyTorch Team},
    url={https://pytorch.org}
}

@online{disprot,
  title={DisProt in 2022: improved quality and accessibility of protein intrinsic disorder annotation},
  author={Quaglia, F. and others},
  doi={10.1093/nar/gkab1082},
  year={2022},
  publisher={Nucleic Acids Research},
  url={https://academic.oup.com/nar/article/50/D1/D480/6439667}
}

@online{prot_P0C8E0,
  title={Conantokin-Pr1},
  author={UniProt},
  url={https://www.uniprot.org/uniprotkb/P0C8E0/entry}
}

@online{prot_Q8WZ42,
  title={Titin},
  author={UniProt},
  url={https://www.uniprot.org/uniprotkb/Q8WZ42/entry }
}

@online{fcn_seg,
  title={Fully Convolutional Networks for Semantic Segmentation},
  author={Long, J. and others},
  doi={10.48550/arXiv.1411.4038},
  year={2014},
  url={http://arxiv.org/abs/1411.4038}
}


% Analysis references %
@article{uniprot:22,
    author = {The UniProt Consortium },
    title = "{UniProt: the Universal Protein Knowledgebase in 2023}",
    journal = {Nucleic Acids Research},
    volume = {51},
    number = {D1},
    pages = {D523-D531},
    year = {2022},
    month = {11},
    issn = {0305-1048},
    doi = {10.1093/nar/gkac1052},
    url = {https://doi.org/10.1093/nar/gkac1052},
}

@article{Quaglia:22,
    author = {Quaglia, Federica and Hatos, András and others},
    title = {Exploring Manually Curated Annotations of Intrinsically Disordered Proteins with DisProt},
    journal = {Current Protocols},
    volume = {2},
    number = {7},
    pages = {e484},
    doi = {https://doi.org/10.1002/cpz1.484},
    url = {https://currentprotocols.onlinelibrary.wiley.com/doi/abs/10.1002/cpz1.484},
    year = {2022}
}

@article{Xue:10,
    title = {PONDR-FIT: A meta-predictor of intrinsically disordered amino acids},
    journal = {Biochimica et Biophysica Acta (BBA) - Proteins and Proteomics},
    volume = {1804},
    number = {4},
    pages = {996-1010},
    year = {2010},
    issn = {1570-9639},
    doi = {https://doi.org/10.1016/j.bbapap.2010.01.011},
    url = {https://www.sciencedirect.com/science/article/pii/S1570963910000130},
    author = {Bin Xue and others}
}

@article{Mizianty:13,
    author = {Marcin J. Mizianty and Zhenling Peng and Lukasz Kurgan},
    title = {MFDp2},
    journal = {Intrinsically Disordered Proteins},
    volume = {1},
    number = {1},
    pages = {e24428},
    year  = {2013},
    publisher = {Taylor & Francis},
    doi = {10.4161/idp.24428},
    url = {https://doi.org/10.4161/idp.24428}
}

@article{Hanson:16,
    author = {Hanson, Jack and others},
    title = {Improving protein disorder prediction by deep bidirectional long short-term memory recurrent neural networks},
    journal = {Bioinformatics},
    volume = {33},
    number = {5},
    pages = {685-692},
    year = {2016},
    month = {12},
    issn = {1367-4803},
    doi = {10.1093/bioinformatics/btw678},
    url = {https://doi.org/10.1093/bioinformatics/btw678}
}

@article{Jumper:21,
    author = {Jumper, J. and Evans, R. and Pritzel, A. and others},
    title = {Highly accurate protein structure prediction with AlphaFold},
    year = {2021},
    doi = {10.1038/s41586-021-03819-2},
    url = {https://doi.org/10.1038/s41586-021-03819-2}
}

@article{Xie:17,
    author = {Xie, S. and others},
    title = {Aggregated Residual Transformations for Deep Neural Networks},
    year = {2017},
    doi = {10.48550/arXiv.1611.05431},
    url = {https://doi.org/10.48550/arXiv.1611.05431}
}

@article{Devlin:18,
    author = {Devlin, J. and others},
    title = {BERT: Pre-training of Deep Bidirectional Transformers for Language Understanding},
    year = {2018},
    doi = {10.48550/arXiv.1810.04805},
    url = {https://doi.org/10.48550/arXiv.1810.04805}
}

@online{Kumar:20,
  title={Feature Engineering — deep dive into Encoding and Binning techniques},
  author={Kumar, S.},
  year={2020},
  publisher={Towards Data Science},
  url={https://towardsdatascience.com/feature-engineering-deep-dive-into-encoding-and-binning-techniques-5618d55a6b38}
}

@online{One-hot:wiki,
  title={One-hot},
  author={Wikipedia},
  url={https://en.wikipedia.org/wiki/One-hot}
}

@online{Fawcett:21,
  title={Data Science in 5 Minutes: What is One Hot Encoding?},
  author={Fawcett, A.},
  year={2021},
  url={https://www.educative.io/blog/one-hot-encoding}
}

@online{PSSM:wiki,
  title={Position weight matrix},
  author={Wikipedia},
  url={https://en.wikipedia.org/wiki/Position_weight_matrix}
}

@online{McGuffin:00,
  title={The PSIPRED protein structure prediction server},
  journal = {Bioinformatics},
  volume = {16},
  number = {4},
  pages = {404-405},
  author={McGuffin, L and Bryson, K. and others},
  doi={10.1093/bioinformatics/16.4.404},
  year={2000},
  url={https://academic.oup.com/bioinformatics/article/16/4/404/187312}
}

@online{Wang:17,
  title={Accurate De Novo Prediction of Protein Contact Map by Ultra-Deep Learning Model},
  author={Wang, S. and others},
  doi={10.1371/journal.pcbi.1005324},
  year={2017},
  url={https://journals.plos.org/ploscompbiol/article?id=10.1371/journal.pcbi.1005324}
}

@online{Mohammadi:22,
  title={PSSMCOOL: a comprehensive R package for generating evolutionary-based descriptors of protein sequences from PSSM profiles},
  author={Mohammadi, A. and others},
  doi={10.1093/biomethods/bpac008},
  year={2022},
  url={https://academic.oup.com/biomethods/article/7/1/bpac008/6555991}
}

@online{google_TP,
  title={Classification: True vs. False and Positive vs. Negative},
  author={Google},
  url={https://developers.google.com/machine-learning/crash-course/classification/true-false-positive-negative}
}

@online{BC:wiki,
  title={Evaluation of binary classifiers},
  author={Wikipedia},
  url={https://en.wikipedia.org/wiki/Evaluation_of_binary_classifiers}
}

@online{Chicco:20,
  title={The advantages of the Matthews correlation coefficient (MCC) over F1 score and accuracy in binary classification evaluation},
  author={Chicco, D. and Jurman, G.},
  doi={10.1186/s12864-019-6413-7},
  year={2020},
  url={https://doi.org/10.1186/s12864-019-6413-7}
}

@online{DISOPRED:server,
  title={PSIPRED Workbench},
  author={Jones D. and others},
  url={http://bioinf.cs.ucl.ac.uk/psipred/?disopred=1}
}

@online{Metapredict:server,
  title={Metapredict online},
  author={Emenecker R. and others},
  year={2022},
  url={https://metapredict.net/}
}

@online{prot_engineering:wiki,
  title={Protein engineering},
  author={Wikipedia},
  url={https://en.wikipedia.org/wiki/Protein_engineering}
}

@article{Engvist:19,
    author = {Engqvist, M. and Rabe, K.},
    title = {Applications of Protein Engineering and Directed Evolution in Plant Research},
    journal = {Plant Physiology},
    volume = {179},
    number = {3},
    pages = {907-917},
    year = {2019},
    month = {01},
    issn = {0032-0889},
    doi = {10.1104/pp.18.01534},
    url = {https://doi.org/10.1104/pp.18.01534},
}

@online{moscow,
    author={Agile Business Consortium},
    title={MoSCoW Prioritisation},
    url={https://www.agilebusiness.org/page/ProjectFramework_10_MoSCoWPrioritisation},
}





% Template bibliography %
@inproceedings{Pey17,
  author    = {Simon {Peyton Jones}},
  title     = {How to Write a Great Research Paper},
  booktitle = {2017 Imperial College Computing Student Workshop, {ICCSW} 2017, September
               26-27, 2017, London, {UK}},
  pages     = {1:1--1:1},
  year      = {2017},    
  
}

@book{Wil09,
  title={Style: the basics of clarity and grace},
  author={Williams, Joseph M and Bizup, Joseph},
  year={2009},
  publisher={Pearson Longman}
}

@book{Pin15,
  title={The sense of style: The thinking person's guide to writing in the 21st century},
  author={Pinker, Steven},
  year={2015},
  publisher={Penguin Books}
}

@book{StrWhi07,
  title={The Elements of style},
  author={Strunk, William and Whyte, EB},
  year={2007},
  publisher={Penguin}
}

@book{Von80,
  title={How to write with style},
  author={Vonnegut, Kurt},
  year={1980},
  publisher={International Paper Company}
}

@incollection{Orw68,
  title={Politics and the {English} language},
  author={Orwell, George},
  booktitle={The collected essays, journalism and letters of George Orwell},
  pages={127--140},
  year={1968},
  publisher={Harcourt, Brace, Javanovich}
}